@inproceedings{proc13th,
	author = {Трапезникова, МА and Чурбанова, НГ and Люпа, АА},
	booktitle = {Thirteenth International Seminar},
	journal = {MATHEMATICA MONTISNIGRI},
	pages = {105--115},
	title = {Моделирование течения трехфазной жидкости в пористой среде с учетом термических эффектов},
	volume = {XXXIII},
	year = {2015}
}

@inproceedings{proc19th,
	author = {Kuleshov, A.A. and Churbanova, N.G. and Lyupa, A.A. and Trapeznikova, M.A.},
	booktitle = {Recent Advances in Computer Science},
	journal = {Proc. of the 19th Int. Conference on Computers},
	location = {Zakynthos Island, Greece},
	pages = {197--200},
	series = {Recent Advances in Computer Engineering Series},
	title = {Implementation of a kinetically-based algorithm for porous medium flow simulation on hybrid supercomputers},
	year = {2015}
}

@inproceedings{proc2017,
	author = {Trapeznikova, M. and Churbanova, N. and Lyupa, A.},
	booktitle = {Mathematical Modeling and Computational Physics 2017},
	isbn = {978-2-7598-9034-7},
	issn = {2100-014X},
	journal = {EPJ Web of Conferences},
	pages = {4},
	title = {An Explicit Algorithm for the Simulation of Fluid Flow through Porous Media},
	volume = {173},
	year = {2018}
}

@inproceedings{proc2018,
	author = {Trapeznikova, M. and Churbanova, N. and Lyupa, A.},
	booktitle = {6th European Conference on Computational Mechanics (ECCM 6)},
	number = {1275},
	pages = {11},
	series = {7th European Conference on Computational Fluid Dynamics (ECFD 7)},
	title = {Simulation of Multiphase Flows in Porous Media with the Flux Relaxation},
	year = {2018}
}

