@article{preprint12016,
  title={Модель двухфазной фильтрации с релаксацией потока и анализ эффективности применения явных схем},
  author={Люпа, Анастасия Александровна and Савенков, Евгений Борисович},
  journal={Препринты Института прикладной математики им. МВ Келдыша РАН},
  number={0},
  pages={129--16},
  year={2016},
  publisher={Институт прикладной математики им. МВ Келдыша РАН}
}

@article{preprint22016,
  title={Моделирование неизотермической многофазной фильтрации с применением явных разностных схем},
  author={Люпа, Анастасия Александровна and Трапезникова, Марина Александровна and Чурбанова, Наталья Геннадьевна},
  journal={Препринты Института прикладной математики им. МВ Келдыша РАН},
  number={0},
  pages={103--20},
  year={2016},
  publisher={Институт прикладной математики им. МВ Келдыша РАН}
}

@article{preprint12018,
  title={Сравнительный анализ алгоритмов явного типа для решения задач фильтрации с использованием гиперболизированных уравнений},
  author={Люпа, Анастасия Александровна and Трапезникова, Марина Александровна and Чечина, Антонина Александровна and Чурбанова, Наталья Геннадьевна},
  journal={Препринты Института прикладной математики им. МВ Келдыша РАН},
  number={0},
  pages={248--18},
  year={2018},
  publisher={Институт прикладной математики им. МВ Келдыша РАН}
}

@article{preprint22018,
  title={Алгоритм явного типа для решения задач неизотермической фильтрации многофазных жидкостей},
  author={Люпа, Анастасия Александровна and Трапезникова, Марина Александровна and Чечина, Антонина Александровна and Чурбанова, Наталья Геннадьевна},
  journal={Препринты Института прикладной математики им. МВ Келдыша РАН},
  number={0},
  pages={101--16},
  year={2018},
  publisher={Институт прикладной математики им. МВ Келдыша РАН}
}

@article{matmod2015,
  title={Моделирование процессов нефтедобычи с применением высокопроизводительных вычислительных систем},
  author={Люпа, Анастасия Александровна and Морозов, Д Н and Трапезникова, Марина Александровна and Четверушкин, Борис Николаевич and Чурбанова, Наталья Геннадьевна and Лемешевский, Сергей Владимирович},
  journal={Математическое моделирование},
  volume={27},
  number={9},
  pages={73--80},
  year={2015},
  publisher={Российская академия наук, Отделение математических наук}
}

@article{matmod2014,
  title={Моделирование трехфазной фильтрации явными методами на гибридных вычислительных системах},
  author={Люпа, Анастасия Александровна and Морозов, Д Н and Трапезникова, Марина Александровна and Четверушкин, Борис Николаевич and Чурбанова, Наталья Геннадьевна},
  journal={Математическое моделирование},
  volume={26},
  number={4},
  pages={33--43},
  year={2014},
  publisher={Российская академия наук, Отделение математических наук}
}
