@article{preprint12016,
  title={Модель двухфазной фильтрации с релаксацией потока и анализ эффективности применения явных схем},
  author={Люпа, А. А. and Савенков, Е. Б.},
  journal={Препринты Института прикладной математики им. МВ Келдыша РАН},
  pages={129--16},
  year={2016},
  publisher={Институт прикладной математики им. МВ Келдыша РАН},
  language = "russian"
}

@article{preprint22016,
  title={Моделирование неизотермической многофазной фильтрации с применением явных разностных схем},
  author={Люпа, А. А. and Трапезникова, М. А. and Чурбанова, Н. Г.},
  journal={Препринты Института прикладной математики им. МВ Келдыша РАН},
  pages={103--20},
  year={2016},
  publisher={Институт прикладной математики им. МВ Келдыша РАН},
  language = "russian"
}

@article{preprint12018,
  title={Сравнительный анализ алгоритмов явного типа для решения задач фильтрации с использованием гиперболизированных уравнений},
  author={Люпа, А. А. and Трапезникова, М. А. and Чечина, А. А. and Чурбанова, Н. Г.},
  journal={Препринты Института прикладной математики им. МВ Келдыша РАН},
  pages={248--18},
  year={2018},
  publisher={Институт прикладной математики им. МВ Келдыша РАН},
  language = "russian"
}

@article{preprint22018,
  title={Алгоритм явного типа для решения задач неизотермической фильтрации многофазных жидкостей},
  author={Люпа, А. А. and Трапезникова, М. А. and Чечина, А. А. and Чурбанова, Н. Г.},
  journal={Препринты Института прикладной математики им. МВ Келдыша РАН},
  pages={101--16},
  year={2018},
  publisher={Институт прикладной математики им. МВ Келдыша РАН},
  language = "russian"
}

@article{matmod2015,
  title={Моделирование процессов нефтедобычи с применением высокопроизводительных вычислительных систем},
  author={Люпа, А. А. and Морозов, Д. Н. and Трапезникова, М. А. and Четверушкин, Б. Н. and Чурбанова, Н. Г. and Лемешевский, С. В.},
  journal={Математическое моделирование},
  volume={27},
  number={9},
  pages={73--80},
  year={2015},
  publisher={Российская академия наук, Отделение математических наук},
  language = "russian"
}

@article{matmod2014,
  title={Моделирование трехфазной фильтрации явными методами на гибридных вычислительных системах},
  author={Люпа, А. А. and Морозов, Д. Н. and Трапезникова, М. А. and Четверушкин, Б. Н. and Чурбанова, Н. Г.},
  journal={Математическое моделирование},
  volume={26},
  number={4},
  pages={33--43},
  year={2014},
  publisher={Российская академия наук, Отделение математических наук},
  language = "russian"
}

@article{proc13th,
  title = {Моделирование течения трехфазной жидкости в пористой среде с учетом термических эффектов},
  author = {Трапезникова, М. А. and Чурбанова, Н. Г. and Люпа, А. А.},
  journal = {MATHEMATICA MONTISNIGRI},
  pages = {105--115},
  volume = {XXXIII},
  year = {2015},
  language = "russian"
}

@article{proc19th,
  title = {Implementation of a kinetically-based algorithm for porous medium flow simulation on hybrid supercomputers},
  author = {Kuleshov, A. A. and Churbanova, N. G. and Lyupa, A. A. and Trapeznikova, M. A.},
  journal = {Proc. of the 19th Int. Conference on Computers},
  location = {Zakynthos Island, Greece},
  pages = {197--200},
  year = {2015},
  language = "english"
}

@article{proc2017,
  title = {An Explicit Algorithm for the Simulation of Fluid Flow through Porous Media},
  author = {Trapeznikova, M. and Churbanova, N. and Lyupa, A.},
  journal = {EPJ Web of Conferences},
  isbn = {978-2-7598-9034-7},
  issn = {2100-014X},
  number = {06012},
  pages = {4},
  volume = {173},
  year = {2018},
  language = "english"
}

@article{proc2018,
  title = {Simulation of Multiphase Flows in Porous Media with the Flux Relaxation},
  author = {Trapeznikova, M. and Churbanova, N. and Lyupa, A.},
  journal = {Proceedings of the 6th European Conference on Computational Mechanics (ECCM 6) and 7th European Conference on Computational Fluid Dynamics (ECFD 7)},
  number = {1275},
  pages = {11},
  year = {2018},
  language = "english"
}

@article{simul2014,
  title = {Simulation of Multiphase Flows in the Subsurface on GPU-based Supercomputers},
  author = {Trapeznikova, M. A. and Churbanova, N. G. and Lyupa, A. A. and Morozov, D. N.},
  journal = {Parallel Computing: Accelerating Computational Science and Engineering (CSE), Advances in Parallel Computing},
  pages = {324-333},
  volume = {25},
  year = {2014},
  language = "english"
}

@article{modelling2016,
  title = {Application of kinetic approach to porous medium flow simulation in environmental hydrology problems on high-performance computing systems},
  author = {Chetverushkin, B. N. and Lyupa, A. A. and Churbanova, N. G. and Trapeznikova, M. A. and Kuleshov, A. A.},
  journal = {Russian Journal of Numerical Analysis and Mathematical Modelling},
  number = {4},
  pages = {187-196},
  volume = {31},
  year = {2016},
  language = "english"
}

@article{problems2018,
  title={Моделирование многофазных течений в подземном пространстве на суперкомпьютерах с применением явных разностных схем},
  author={Четверушкин, Б. Н. and Люпа, А. А. and Трапезникова, М. А. and Чурбанова, Н. Г.},
  journal={Актуальные проблемы нефти и газа},
  volume={26},
  number={2(21)},
  pages={17},
  year={2018},
  publisher={Российская академия наук, Отделение математических наук},
  language = "russian"
}



















